@article{svmlight,
    address = {Cambridge, MA, USA},
    author = {Joachims, Thorsten},
    citeulike-article-id = {530839},
    citeulike-linkout-0 = {http://citeseer.ist.psu.edu/rd/66447467\%2C132764\%2C1\%2C0.25\%2CDownload/http://coblitz.codeen.org:3125/citeseer.ist.psu.edu/cache/papers/cs/742/http:zSzzSzwww-ai.cs.uni-dortmund.dezSzDOKUMENTEzSzJoachims\_98c.pdf/joachims98making.pdf},
    citeulike-linkout-1 = {http://portal.acm.org/citation.cfm?id=299104},
    isbn = {0-262-19416-3},
    keywords = {machines, support, svm, vector},
    pages = {169--184},
    posted-at = {2007-10-04 17:21:32},
    priority = {2},
    publisher = {MIT Press},
    title = {{Making large-scale support vector machine learning practical}},
    url = {http://citeseer.ist.psu.edu/rd/66447467\%2C132764\%2C1\%2C0.25\%2CDownload/http://coblitz.codeen.org:3125/citeseer.ist.psu.edu/cache/papers/cs/742/http:zSzzSzwww-ai.cs.uni-dortmund.dezSzDOKUMENTEzSzJoachims\_98c.pdf/joachims98making.pdf},
    year = {1999}
}


@misc{cambridge-chess-annotation,
	author = {Tim Love},
	title = {Computers and Chess Annotation},
	month = {January},
	year = {2003},
	url = {http://www2.eng.cam.ac.uk/~tpl/chess/annotation.html}}

@misc{ng-lecturenotes,
       author = {Andrew Ng},
       title = {CS294A Lecture notes},
       month = {January},
       year = {2011},
       url = {http://www.stanford.edu/class/cs294a/sparseAutoencoder_2011new.pdf}
}

@article{Vincent,
 author = {Vincent, Pascal and Larochelle, Hugo and Lajoie, Isabelle and Bengio, Yoshua and Manzagol, Pierre-Antoine},
 title = {Stacked Denoising Autoencoders: Learning Useful Representations in a Deep Network with a Local Denoising Criterion},
 journal = {J. Mach. Learn. Res.},
 issue_date = {12/1/2010},
 volume = {9999},
 month = {December},
 year = {2010},
 issn = {1532-4435},
 pages = {3371--3408},
 numpages = {38},
 url = {http://portal.acm.org/citation.cfm?id=1953011.1953039},
 acmid = {1953039},
 publisher = {JMLR.org},
} 

@incollection{Lee,
 title = {Unsupervised feature learning for audio classification using convolutional deep belief networks},
 author = "Honglak Lee and Peter Pham and Yan Largman and Andrew Ng",
 booktitle = {Advances in Neural Information Processing Systems 22},
 editor = {Y. Bengio and D. Schuurmans and J. Lafferty and C. K. I. Williams and A. Culotta},
 pages = {1096--1104},
 publisher = {The MIT Press},
 year = {2009}
}

@inproceedings{Socher,
    author = {Socher, Richard and Manning, Christopher and Ng, Andrew},
    booktitle = {NIPS*2010 Workshop on Deep Learning and Unsupervised Feature Learning},
    citeulike-article-id = {9168248},
    citeulike-linkout-0 = {http://nlp.stanford.edu/pubs/2010SocherManningNg.pdf},
    comment = {Recursive neural networks based on parse trees. Phrase representation as a by-product of supervised parse learning},
    keywords = {deep\_learning},
    posted-at = {2011-04-17 03:15:11},
    priority = {0},
    title = {{Learning Continuous Phrase Representations and Syntactic Parsing with Recursive Neural Networks}},
    url = {http://nlp.stanford.edu/pubs/2010SocherManningNg.pdf},
    year = 2010

}

@InProceedings{chen,
  title = "Learning to Sportscast: A Test of Grounded Language Acquisition",
  author = "David L. Chen and Raymond J. Mooney",
  booktitle = "Proceedings of 25th International Conference on Machine
                 Learning (ICML-2008)",
  address = "Helsinki, Finland",
  month = "July",
  year = 2008
} 

@inproceedings{Guid,
  author    = "Matej Guid and
               Martin Mozina and
               Jana Krivec and
               Aleksander Sadikov and
               Ivan Bratko",
  title     = "Learning Positional Features for Annotating Chess Games:
               A Case Study",
  booktitle = {Computers and Games},
  year      = {2008},
  pages     = {192-204},
  ee        = {http://dx.doi.org/10.1007/978-3-540-87608-3_18},
}

@misc{pgn,
  author = {Steven J. Edwards},
  title = {Standard: Portable Game Notation Specification and Implementation Guide},
  year = 1994,
  url = {http://www.saremba.de/chessgml/standards/pgn/pgn-complete.htm}}

@inproceedings{Coates,
	author = "Adam Coates and Honglak Lee and Andrew Y. Ng",
	title = {An Analysis of Single-Layer Networks in Unsupervised Feature Learning},
	booktitle = {NIPS Workshop on Deep Learning and Unsupervised Feature Learning},
	year = {2010}
}

@book{bengio,
  title={{Learning Deep Architectures for AI}},
  author="Yoshua Bengio",
  isbn={9781601982940},
  url={http://books.google.com/books?id=cq5ewg7FniMC},
  year={2009},
  publisher={Now Publishers}
}

@INPROCEEDINGS{Bengio07greedylayer-wise,
    author = {Yoshua Bengio and Pascal Lamblin and Dan Popovici and Hugo Larochelle and Université De Montréal and Montréal Québec},
    title = {Greedy layer-wise training of deep networks},
    booktitle = {In NIPS},
    year = {2007},
    publisher = {MIT Press}
}

