@misc{cambridge-chess-annotation,
	author = {Tim Love},
	title = {Computers and Chess Annotation},
	month = {January},
	year = {2003},
	url = {http://www2.eng.cam.ac.uk/~tpl/chess/annotation.html}}

@article{Vincent,
 author = {Vincent, Pascal and Larochelle, Hugo and Lajoie, Isabelle and Bengio, Yoshua and Manzagol, Pierre-Antoine},
 title = {Stacked Denoising Autoencoders: Learning Useful Representations in a Deep Network with a Local Denoising Criterion},
 journal = {J. Mach. Learn. Res.},
 issue_date = {12/1/2010},
 volume = {9999},
 month = {December},
 year = {2010},
 issn = {1532-4435},
 pages = {3371--3408},
 numpages = {38},
 url = {http://portal.acm.org/citation.cfm?id=1953011.1953039},
 acmid = {1953039},
 publisher = {JMLR.org},
} 

@InCollection{Lee,
	title = "Unsupervised Feature Learning for Audio Classification using Convolutional Deep Belief Networks",
	author = "Honglak Lee and Yan Largman and Peter Pham and Andrew~Y. Ng",
	booktitle = "Advances in Neural Information Processing Systems 22",
	pages = "1096--1104",
	year = "2009"
}

@inproceedings{Socher,
    author = {Socher, Richard and Manning, Christopher and Ng, Andrew},
    booktitle = {NIPS*2010 Workshop on Deep Learning and Unsupervised Feature Learning},
    citeulike-article-id = {9168248},
    citeulike-linkout-0 = {http://nlp.stanford.edu/pubs/2010SocherManningNg.pdf},
    comment = {Recursive neural networks based on parse trees. Phrase representation as a by-product of supervised parse learning},
    keywords = {deep\_learning},
    posted-at = {2011-04-17 03:15:11},
    priority = {0},
    title = {{Learning Continuous Phrase Representations and Syntactic Parsing with Recursive Neural Networks}},
    url = {http://nlp.stanford.edu/pubs/2010SocherManningNg.pdf}
}

@InProceedings{chen,
  title = "Learning to Sportscast: A Test of Grounded Language Acquisition",
  author = "David L. Chen and Raymond J. Mooney",
  booktitle = "Proceedings of 25th International Conference on Machine
                 Learning (ICML-2008)",
  address = "Helsinki, Finland",
  month = "July",
  year = 2008
} 

@inproceedings{Guid,
  author    = {Matej Guid and
               Martin Mozina and
               Jana Krivec and
               Aleksander Sadikov and
               Ivan Bratko},
  title     = {Learning Positional Features for Annotating Chess Games:
               A Case Study},
  booktitle = {Computers and Games},
  year      = {2008},
  pages     = {192-204},
  ee        = {http://dx.doi.org/10.1007/978-3-540-87608-3_18},
  crossref  = {DBLP:conf/cg/2008},
  bibsource = {DBLP, http://dblp.uni-trier.de}
}

@misc{pgn,
  author = {Steven J. Edwards},
  title = {Standard: Portable Game Notation Specification and Implementation Guide},
  url = {http://www.saremba.de/chessgml/standards/pgn/pgn-complete.htm}}

@inproceedings{Coates,
	author = {Adam Coates, Honglak Lee and Andrew Y. Ng},
	title = {An Analysis of Single-Layer Networks in Unsupervised Feature Learning},
	booktitle = {NIPS Workshop on Deep Learning and Unsupervised Feature Learning},
	year = {2010}
}

@book{bengio,
  title={{Learning Deep Architectures for AI}},
  author={Bengio, Y.},
  isbn={9781601982940},
  url={http://books.google.com/books?id=cq5ewg7FniMC},
  year={2009},
  publisher={Now Publishers}
}

@INPROCEEDINGS{Bengio07greedylayer-wise,
    author = {Yoshua Bengio and Pascal Lamblin and Dan Popovici and Hugo Larochelle and Université De Montréal and Montréal Québec},
    title = {Greedy layer-wise training of deep networks},
    booktitle = {In NIPS},
    year = {2007},
    publisher = {MIT Press}
}

